Date,Coin,Qty,Side,Price,Note
03/05 23:30:08,KRW-NEAR,0.7757951900698216,buy,12890.0,Buy-4: coin in overSold
03/07 11:04:54,KRW-NEAR,1.60398842,sell,12360.0,Sell-3: 12370.0<12605.0and12360.0<12370.0
03/07 11:05:01,KRW-WAVES,0.43859649122807015,buy,22800.0,Buy-2: KRW-WAVES / 22810.0 > 22650.0 and 22650.0 > 22377.0
03/07 16:00:09,KRW-WAVES,0.86775303,sell,22900.0,Sell-3: 23116.0<23206.0and22920.0<23116.0
03/07 21:16:17,KRW-WAVES,0.4206983592763988,buy,23770.0,Buy-2: KRW-WAVES / 23770.0 > 23000.0 and 23000.0 > 22996.0
03/07 21:30:52,KRW-WAVES,0.417573005,sell,24210.0,Sell-1: 70.6 >= 70 and0.83514601 / 2 > 5000 / 24230.0
03/07 21:31:06,KRW-WAVES,0.4120313143798929,buy,24270.0,Buy-2: KRW-WAVES / 24270.0 > 23374.0 and 23374.0 > 23130.0
03/07 21:31:07,KRW-WAVES,0.208786505,sell,24240.0,Sell-1: 70.8 >= 70 and0.41757301 / 2 > 5000 / 24270.0
03/07 21:31:23,KRW-WAVES,0.4103405826836274,buy,24370.0,Buy-2: KRW-WAVES / 24360.0 > 23396.0 and 23396.0 > 23142.0
03/07 21:31:24,KRW-WAVES,0.31344615,sell,24400.0,Sell-1: 71.7 >= 70 and0.6268923 / 2 > 5000 / 24370.0
03/07 21:31:39,KRW-WAVES,0.4045307443365696,buy,24720.0,Buy-2: KRW-WAVES / 24670.0 > 23466.0 and 23466.0 > 23174.0
03/07 21:31:39,KRW-WAVES,0.260712475,sell,24720.0,Sell-1: 74.1 >= 70 and0.52142495 / 2 > 5000 / 24720.0
03/07 21:31:54,KRW-WAVES,0.4032258064516129,buy,24790.0,Buy-2: KRW-WAVES / 24750.0 > 23478.0 and 23478.0 > 23186.0
03/07 21:31:54,KRW-WAVES,0.284725115,sell,24800.0,Sell-1: 75.0 >= 70 and0.56945023 / 2 > 5000 / 24800.0
03/07 21:32:09,KRW-WAVES,0.40338846308995563,buy,24790.0,Buy-2: KRW-WAVES / 24780.0 > 23478.0 and 23478.0 > 23184.0
03/07 21:32:10,KRW-WAVES,0.271911005,sell,24770.0,Sell-1: 74.9 >= 70 and0.54382201 / 2 > 5000 / 24770.0
03/07 21:32:24,KRW-WAVES,0.4046944556859571,buy,24720.0,Buy-2: KRW-WAVES / 24720.0 > 23466.0 and 23466.0 > 23176.0
03/07 21:32:25,KRW-WAVES,0.27852007,sell,24720.0,Sell-1: 74.5 >= 70 and0.55704014 / 2 > 5000 / 24720.0
03/07 21:32:40,KRW-WAVES,0.4048582995951417,buy,24700.0,Buy-2: KRW-WAVES / 24750.0 > 23470.0 and 23470.0 > 23179.0
03/07 21:32:41,KRW-WAVES,0.27532966,sell,24760.0,Sell-1: 74.9 >= 70 and0.55065932 / 2 > 5000 / 24760.0
03/07 21:32:55,KRW-WAVES,0.4030632809351068,buy,24780.0,Buy-2: KRW-WAVES / 24790.0 > 23482.0 and 23482.0 > 23187.0
03/07 21:32:56,KRW-WAVES,0.276995855,sell,24820.0,Sell-1: 75.0 >= 70 and0.55399171 / 2 > 5000 / 24810.0
03/07 21:33:11,KRW-WAVES,0.4051863857374392,buy,24680.0,Buy-2: KRW-WAVES / 24690.0 > 23458.0 and 23458.0 > 23173.0
03/07 21:33:12,KRW-WAVES,0.275589905,sell,24670.0,Sell-1: 74.3 >= 70 and0.55117981 / 2 > 5000 / 24680.0
03/07 21:33:27,KRW-WAVES,0.40535062829347385,buy,24670.0,Buy-2: KRW-WAVES / 24690.0 > 23452.0 and 23452.0 > 23170.0
03/07 21:33:28,KRW-WAVES,0.276876925,sell,24650.0,Sell-1: 74.3 >= 70 and0.55375385 / 2 > 5000 / 24650.0
03/07 21:33:42,KRW-WAVES,0.40535062829347385,buy,24670.0,Buy-2: KRW-WAVES / 24680.0 > 23458.0 and 23458.0 > 23173.0
03/07 21:33:43,KRW-WAVES,0.276047085,sell,24670.0,Sell-1: 74.2 >= 70 and0.55209417 / 2 > 5000 / 24670.0
03/07 21:33:57,KRW-WAVES,0.4024144869215292,buy,24850.0,Buy-2: KRW-WAVES / 24860.0 > 23488.0 and 23488.0 > 23191.0
03/07 21:33:58,KRW-WAVES,0.27615317,sell,24850.0,Sell-1: 75.4 >= 70 and0.55230634 / 2 > 5000 / 24850.0
03/07 21:34:12,KRW-WAVES,0.3988831272437176,buy,25070.0,Buy-2: KRW-WAVES / 25050.0 > 23534.0 and 23534.0 > 23206.0
03/07 21:34:13,KRW-WAVES,0.27496459,sell,25020.0,Sell-1: 76.7 >= 70 and0.54992918 / 2 > 5000 / 25070.0
03/07 21:34:27,KRW-WAVES,0.4001600640256102,buy,24990.0,Buy-2: KRW-WAVES / 25000.0 > 23514.0 and 23514.0 > 23200.0
03/07 21:34:28,KRW-WAVES,0.27425981,sell,25000.0,Sell-1: 76.3 >= 70 and0.54851962 / 2 > 5000 / 25000.0
03/07 21:34:43,KRW-WAVES,0.4025764895330113,buy,24840.0,Buy-2: KRW-WAVES / 24850.0 > 23486.0 and 23486.0 > 23189.0
03/07 21:34:44,KRW-WAVES,0.27494977,sell,24840.0,Sell-1: 75.4 >= 70 and0.54989954 / 2 > 5000 / 24840.0
03/07 21:34:58,KRW-WAVES,0.40338846308995563,buy,24790.0,Buy-2: KRW-WAVES / 24810.0 > 23484.0 and 23484.0 > 23185.0
03/07 21:34:59,KRW-WAVES,0.27441917,sell,24810.0,Sell-1: 75.0 >= 70 and0.54883834 / 2 > 5000 / 24790.0
03/07 21:35:17,KRW-WAVES,0.4035512510088781,buy,24780.0,Buy-2: KRW-WAVES / 24800.0 > 23492.0 and 23492.0 > 23190.0
03/07 21:35:18,KRW-WAVES,0.274546535,sell,24780.0,Sell-1: 75.0 >= 70 and0.54909307 / 2 > 5000 / 24780.0
03/07 21:35:33,KRW-WAVES,0.4037141703673799,buy,24810.0,Buy-2: KRW-WAVES / 24800.0 > 23476.0 and 23476.0 > 23182.0
03/07 21:35:34,KRW-WAVES,0.274016325,sell,24760.0,Sell-1: 75.2 >= 70 and0.54803265 / 2 > 5000 / 24760.0
03/07 21:35:48,KRW-WAVES,0.4042037186742118,buy,24730.0,Buy-2: KRW-WAVES / 24770.0 > 23468.0 and 23468.0 > 23178.0
03/07 21:35:49,KRW-WAVES,0.274310035,sell,24720.0,Sell-1: 74.7 >= 70 and0.54862007 / 2 > 5000 / 24770.0
03/07 21:36:03,KRW-WAVES,0.4060089321965083,buy,24630.0,Buy-2: KRW-WAVES / 24640.0 > 23448.0 and 23448.0 > 23167.0
03/07 21:36:04,KRW-WAVES,0.2739734,sell,24630.0,Sell-1: 73.8 >= 70 and0.5479468 / 2 > 5000 / 24620.0
03/07 21:36:18,KRW-WAVES,0.4056795131845842,buy,24650.0,Buy-2: KRW-WAVES / 24690.0 > 23458.0 and 23458.0 > 23174.0
03/07 21:36:19,KRW-WAVES,0.2745054,sell,24650.0,Sell-1: 74.3 >= 70 and0.5490108 / 2 > 5000 / 24650.0
03/07 21:36:34,KRW-WAVES,0.40551500405515006,buy,24660.0,Buy-2: KRW-WAVES / 24660.0 > 23454.0 and 23454.0 > 23171.0
03/07 21:36:34,KRW-WAVES,0.273717745,sell,24660.0,Sell-1: 74.1 >= 70 and0.54743549 / 2 > 5000 / 24660.0
03/07 21:36:49,KRW-WAVES,0.4048582995951417,buy,24700.0,Buy-2: KRW-WAVES / 24710.0 > 23462.0 and 23462.0 > 23175.0
03/07 21:36:50,KRW-WAVES,0.274138265,sell,24690.0,Sell-1: 74.5 >= 70 and0.54827653 / 2 > 5000 / 24700.0
03/07 21:37:04,KRW-WAVES,0.40683482506102525,buy,24580.0,Buy-2: KRW-WAVES / 24580.0 > 23444.0 and 23444.0 > 23166.0
03/07 21:37:05,KRW-WAVES,0.273461985,sell,24610.0,Sell-1: 73.5 >= 70 and0.54692397 / 2 > 5000 / 24610.0
03/07 21:37:19,KRW-WAVES,0.40584415584415584,buy,24640.0,Buy-2: KRW-WAVES / 24640.0 > 23448.0 and 23448.0 > 23168.0
03/07 21:37:20,KRW-WAVES,0.273995535,sell,24640.0,Sell-1: 74.0 >= 70 and0.54799107 / 2 > 5000 / 24640.0
03/07 21:37:35,KRW-WAVES,0.4065040650406504,buy,24610.0,Buy-2: KRW-WAVES / 24610.0 > 23442.0 and 23442.0 > 23165.0
03/07 21:37:35,KRW-WAVES,0.273373935,sell,24600.0,Sell-1: 73.7 >= 70 and0.54674787 / 2 > 5000 / 24610.0
03/07 21:37:50,KRW-WAVES,0.407000407000407,buy,24570.0,Buy-2: KRW-WAVES / 24570.0 > 23434.0 and 23434.0 > 23161.0
03/07 21:37:51,KRW-WAVES,0.27349029,sell,24560.0,Sell-1: 73.3 >= 70 and0.54698058 / 2 > 5000 / 24560.0
03/07 21:38:05,KRW-WAVES,0.40535062829347385,buy,24670.0,Buy-2: KRW-WAVES / 24680.0 > 23458.0 and 23458.0 > 23173.0
03/07 22:19:11,KRW-WAVES,0.54692772,sell,24110.0,Bollinger Band Upper
03/07 23:10:27,KRW-WAVES,0.77251073,sell,25610.0,Bollinger Band Upper and over bought
03/08 01:20:05,KRW-WAVES,0.75756549,sell,26200.0,Sell-4: 26270<26314and26200.0<26270
03/08 01:47:15,KRW-WAVES,0.37299515106303616,buy,26800.0,Buy-2: KRW-WAVES / 26394 > 26382 and 77.3 <= 60 
03/08 03:10:12,KRW-WAVES,0.73546753,sell,26360.0,Sell-4: 26588<26674and26370.0<26588
03/08 03:10:33,KRW-NEAR,0.8278145695364238,buy,12080.0,Bollinger Band Upper
03/08 03:10:46,KRW-NEAR,1.60341256,sell,12090.0,Sell-4: 12188<12336and12100.0<12188
03/08 03:11:01,KRW-NEAR,0.8291873963515755,buy,12060.0,Bollinger Band Upper
03/08 03:11:14,KRW-NEAR,1.60314428,sell,12080.0,Sell-4: 12188<12336and12090.0<12188
03/08 03:11:31,KRW-NEAR,0.8271298593879239,buy,12090.0,Bollinger Band Upper
03/08 03:11:48,KRW-NEAR,1.60154317,sell,12060.0,Sell-4: 12184<12336and12070.0<12184
03/08 03:12:04,KRW-NEAR,0.8298755186721992,buy,12050.0,Bollinger Band Upper
03/08 03:12:17,KRW-NEAR,1.5999616,sell,12090.0,Sell-4: 12190<12337and12100.0<12190
03/08 03:12:34,KRW-NEAR,0.8285004142502072,buy,12080.0,Bollinger Band Upper
03/08 03:12:47,KRW-NEAR,1.5996749,sell,12080.0,Sell-4: 12188<12336and12080.0<12188
03/08 03:13:02,KRW-NEAR,0.8271298593879239,buy,12090.0,Bollinger Band Upper
03/08 03:13:15,KRW-NEAR,1.59544176,sell,12090.0,Sell-4: 12190<12337and12100.0<12190
03/08 03:13:31,KRW-NEAR,0.8271298593879239,buy,12090.0,Bollinger Band Upper
03/08 03:13:44,KRW-NEAR,1.59386023,sell,12080.0,Sell-4: 12188<12336and12090.0<12188
03/08 03:13:59,KRW-NEAR,0.8278145695364238,buy,12080.0,Bollinger Band Upper
03/08 03:14:12,KRW-NEAR,1.58964842,sell,12090.0,Sell-4: 12190<12337and12110.0<12190
03/08 03:14:27,KRW-NEAR,0.8278145695364238,buy,12080.0,Bollinger Band Upper
03/08 03:14:40,KRW-NEAR,1.58807264,sell,12080.0,Sell-4: 12188<12336and12080.0<12188
03/08 03:14:55,KRW-NEAR,0.8278145695364238,buy,12080.0,Bollinger Band Upper
03/08 03:15:08,KRW-NEAR,1.58519587,sell,12060.0,Sell-4: 12122<12313and12070.0<12122
03/08 03:15:24,KRW-NEAR,0.8285004142502072,buy,12070.0,Bollinger Band Upper
03/08 03:15:37,KRW-NEAR,1.57839097,sell,12070.0,Sell-4: 12124<12314and12080.0<12124
03/08 03:15:54,KRW-NEAR,0.8298755186721992,buy,12050.0,Bollinger Band Upper
03/08 03:16:07,KRW-NEAR,1.57683815,sell,12060.0,Sell-4: 12122<12313and12080.0<12122
03/08 03:16:23,KRW-NEAR,0.8278145695364238,buy,12080.0,Bollinger Band Upper
03/08 03:16:36,KRW-NEAR,1.57266114,sell,12110.0,Sell-4: 12132<12316and12110.0<12132
03/08 03:18:46,KRW-NEAR,0.8278145695364238,buy,12080.0,Bollinger Band Upper
03/08 03:18:59,KRW-NEAR,1.56978729,sell,12080.0,Sell-4: 12126<12314and12100.0<12126
03/08 03:19:14,KRW-NEAR,0.8271298593879239,buy,12090.0,Bollinger Band Upper
03/08 03:19:27,KRW-NEAR,1.56694576,sell,12080.0,Sell-4: 12126<12314and12090.0<12126
03/08 03:19:43,KRW-NEAR,0.8278145695364238,buy,12080.0,Bollinger Band Upper
03/08 03:19:56,KRW-NEAR,1.56409771,sell,12090.0,Sell-4: 12128<12314and12100.0<12128
03/08 03:20:11,KRW-NEAR,0.8278145695364238,buy,12080.0,Bollinger Band Upper
03/08 03:20:24,KRW-NEAR,1.56383493,sell,12070.0,Sell-4: 12088<12292and12090.0<12088
03/08 03:20:40,KRW-NEAR,0.8285004142502072,buy,12070.0,Bollinger Band Upper
03/08 03:20:52,KRW-NEAR,1.56099623,sell,12060.0,Sell-4: 12086<12291and12070.0<12086
03/08 03:21:08,KRW-NEAR,0.8291873963515755,buy,12060.0,Bollinger Band Upper
03/08 03:21:21,KRW-NEAR,1.55944887,sell,12040.0,Sell-4: 12082<12290and12050.0<12082
03/08 03:21:37,KRW-NEAR,0.8305647840531561,buy,12040.0,Bollinger Band Upper
03/08 03:21:55,KRW-NEAR,1.55403932,sell,12040.0,Sell-4: 12082<12290and12050.0<12082
03/08 03:22:11,KRW-NEAR,0.8305647840531561,buy,12040.0,Bollinger Band Upper
03/08 03:22:24,KRW-NEAR,1.55121629,sell,12040.0,Sell-4: 12082<12290and12050.0<12082
03/08 03:22:40,KRW-NEAR,0.8291873963515755,buy,12060.0,Bollinger Band Upper
03/08 03:22:53,KRW-NEAR,1.54710502,sell,12060.0,Sell-4: 12086<12291and12070.0<12086
03/08 03:23:08,KRW-NEAR,0.8298755186721992,buy,12050.0,Bollinger Band Upper
03/08 03:23:21,KRW-NEAR,1.54557142,sell,12040.0,Sell-4: 12082<12290and12060.0<12082
03/08 03:23:36,KRW-NEAR,0.8298755186721992,buy,12050.0,Bollinger Band Upper
03/08 03:23:48,KRW-NEAR,1.54275906,sell,12040.0,Sell-4: 12082<12290and12050.0<12082
03/08 03:24:05,KRW-NEAR,0.8305647840531561,buy,12040.0,Bollinger Band Upper
03/08 03:24:18,KRW-NEAR,1.53995651,sell,12040.0,Sell-4: 12082<12290and12050.0<12082
03/08 03:24:33,KRW-NEAR,0.8298755186721992,buy,12050.0,Bollinger Band Upper
03/08 03:24:46,KRW-NEAR,1.53715331,sell,12050.0,Sell-4: 12084<12290and12050.0<12084
03/08 03:25:02,KRW-NEAR,0.8298755186721992,buy,12050.0,Bollinger Band Upper
03/08 03:25:14,KRW-NEAR,1.53435521,sell,12040.0,Sell-4: 12064<12270and12050.0<12064
03/08 03:25:30,KRW-NEAR,0.8298755186721992,buy,12050.0,Bollinger Band Upper
03/08 03:25:43,KRW-NEAR,1.53029225,sell,12050.0,Sell-4: 12064<12270and12060.0<12064
03/08 03:25:58,KRW-NEAR,0.8291873963515755,buy,12060.0,Bollinger Band Upper
03/08 03:26:12,KRW-NEAR,1.52498127,sell,12040.0,Sell-4: 12064<12270and12060.0<12064
03/08 03:26:27,KRW-NEAR,0.8305647840531561,buy,12040.0,Bollinger Band Upper
03/08 03:26:41,KRW-NEAR,1.52095451,sell,12030.0,Sell-4: 12062<12269and12040.0<12062
03/08 03:26:57,KRW-NEAR,0.831946755407654,buy,12020.0,Bollinger Band Upper
03/08 03:27:10,KRW-NEAR,1.51819624,sell,12030.0,Sell-4: 12062<12269and12050.0<12062
03/08 03:27:25,KRW-NEAR,0.831946755407654,buy,12020.0,Bollinger Band Upper
03/08 03:27:38,KRW-NEAR,1.51669132,sell,12020.0,Sell-4: 12060<12268and12030.0<12060
03/08 03:27:53,KRW-NEAR,0.8291873963515755,buy,12060.0,Bollinger Band Upper
03/08 03:28:05,KRW-NEAR,1.50891122,sell,12030.0,Sell-4: 12062<12269and12060.0<12062
03/08 03:28:20,KRW-NEAR,0.8305647840531561,buy,12040.0,Bollinger Band Upper
03/08 03:28:33,KRW-NEAR,1.5049269,sell,12040.0,Sell-4: 12064<12270and12060.0<12064
03/08 03:28:49,KRW-NEAR,0.8305647840531561,buy,12040.0,Bollinger Band Upper
03/08 03:29:02,KRW-NEAR,1.50219308,sell,12040.0,Sell-4: 12064<12270and12050.0<12064
03/08 03:29:18,KRW-NEAR,0.8312551953449709,buy,12030.0,Bollinger Band Upper
03/08 03:29:30,KRW-NEAR,1.50070402,sell,12030.0,Sell-4: 12062<12269and12040.0<12062
03/08 03:29:45,KRW-NEAR,0.831946755407654,buy,12030.0,Bollinger Band Upper
03/08 03:29:59,KRW-NEAR,1.49797124,sell,12040.0,Sell-4: 12064<12270and12040.0<12064
03/08 03:30:09,KRW-WAVES,0.3702332469455757,buy,27010.0,Buy-2: KRW-WAVES / 26850 > 26765 and 77.4 <= 60 
03/08 03:50:04,KRW-WAVES,0.66621606,sell,26700.0,Sell-4: 26762<26780and26710.0<26762
03/08 04:35:59,KRW-NEAR,0.8396305625524769,buy,11910.0,Bollinger Band Upper
03/08 04:36:13,KRW-NEAR,1.48837267,sell,11920.0,Sell-4: 12014<12068and11940.0<12014
03/08 04:36:42,KRW-NEAR,0.8396305625524769,buy,11910.0,Bollinger Band Upper
03/08 04:36:55,KRW-NEAR,1.48566121,sell,11900.0,Sell-4: 12010<12066and11910.0<12010
03/08 04:37:11,KRW-NEAR,0.8424599831508003,buy,11870.0,Bollinger Band Upper
03/08 04:37:24,KRW-NEAR,1.48794534,sell,11870.0,Sell-4: 12004<12065and11870.0<12004
03/08 04:37:40,KRW-NEAR,0.8445945945945946,buy,11840.0,Bollinger Band Upper
03/08 04:37:53,KRW-NEAR,1.48647643,sell,11900.0,Sell-4: 12010<12066and11900.0<12010
03/08 04:38:08,KRW-POLY,21.008403361344538,buy,476.0,Bollinger Band Upper
03/08 04:38:20,KRW-POLY,36.90704644,sell,478.0,Sell-4: 481<483and478.0<481
03/08 04:38:36,KRW-POLY,20.964360587002098,buy,477.0,Bollinger Band Upper
03/08 04:38:50,KRW-POLY,36.7167502,sell,479.0,Sell-4: 481<483and480.0<481
03/08 04:38:52,KRW-NEAR,0.8410428931875525,buy,11890.0,Bollinger Band Upper
03/08 04:39:05,KRW-NEAR,1.47768365,sell,11870.0,Sell-4: 12004<12065and11890.0<12004
03/08 04:39:21,KRW-NEAR,0.8417508417508418,buy,11890.0,Bollinger Band Upper
03/08 04:39:34,KRW-NEAR,1.47374142,sell,11860.0,Sell-4: 12002<12064and11870.0<12002
03/08 04:39:50,KRW-NEAR,0.8438818565400844,buy,11850.0,Bollinger Band Upper
03/08 04:40:04,KRW-NEAR,1.46981674,sell,11850.0,Sell-4: 11952<12050and11870.0<11952
03/08 04:40:20,KRW-NEAR,0.8424599831508003,buy,11870.0,Bollinger Band Upper
03/08 04:40:33,KRW-NEAR,1.46342561,sell,11890.0,Sell-4: 11960<12052and11890.0<11960
03/08 04:40:49,KRW-NEAR,0.8417508417508418,buy,11880.0,Bollinger Band Upper
03/08 04:41:02,KRW-NEAR,1.46074547,sell,11900.0,Sell-4: 11962<12053and11910.0<11962
03/08 04:41:18,KRW-NEAR,0.8403361344537815,buy,11900.0,Bollinger Band Upper
03/08 04:41:31,KRW-NEAR,1.4568415,sell,11900.0,Sell-4: 11962<12053and11910.0<11962
03/08 04:41:48,KRW-NEAR,0.8410428931875525,buy,11890.0,Bollinger Band Upper
03/08 04:42:01,KRW-NEAR,1.45540297,sell,11870.0,Sell-4: 11956<12052and11870.0<11956
03/08 04:42:17,KRW-NEAR,0.8438818565400844,buy,11850.0,Bollinger Band Upper
03/08 04:42:29,KRW-NEAR,1.45397142,sell,11860.0,Sell-4: 11954<12051and11880.0<11954
03/08 04:42:44,KRW-NEAR,0.8410428931875525,buy,11890.0,Bollinger Band Upper
03/08 04:42:57,KRW-NEAR,1.44885981,sell,11880.0,Sell-4: 11958<12052and11880.0<11958
03/08 04:43:15,KRW-NEAR,0.8417508417508418,buy,11880.0,Bollinger Band Upper
03/08 04:43:28,KRW-NEAR,1.44499794,sell,11880.0,Sell-4: 11958<12052and11890.0<11958
03/08 04:43:44,KRW-NEAR,0.8431703204047217,buy,11860.0,Bollinger Band Upper
03/08 04:43:57,KRW-NEAR,1.44235053,sell,11860.0,Sell-4: 11954<12051and11860.0<11954
03/08 04:44:14,KRW-NEAR,0.8431703204047217,buy,11860.0,Bollinger Band Upper
03/08 04:44:27,KRW-NEAR,1.43971688,sell,11850.0,Sell-4: 11952<12050and11870.0<11952
03/08 04:44:43,KRW-NEAR,0.8431703204047217,buy,11860.0,Bollinger Band Upper
03/08 04:44:56,KRW-NEAR,1.43586642,sell,11860.0,Sell-4: 11954<12051and11870.0<11954
03/08 04:45:12,KRW-NEAR,0.8438818565400844,buy,11850.0,Bollinger Band Upper
03/08 04:45:25,KRW-NEAR,1.43444865,sell,11850.0,Sell-4: 11910<12039and11870.0<11910
03/08 04:45:42,KRW-NEAR,0.8424599831508003,buy,11870.0,Bollinger Band Upper
03/08 04:45:54,KRW-NEAR,1.42940263,sell,11880.0,Sell-4: 11916<12040and11890.0<11916
03/08 04:46:11,KRW-NEAR,0.8417508417508418,buy,11880.0,Bollinger Band Upper
03/08 04:46:23,KRW-NEAR,1.42677938,sell,11880.0,Sell-4: 11916<12040and11890.0<11916
03/08 04:46:39,KRW-NEAR,0.8424599831508003,buy,11870.0,Bollinger Band Upper
03/08 04:46:52,KRW-NEAR,1.42536515,sell,11870.0,Sell-4: 11914<12040and11870.0<11914
03/08 04:47:08,KRW-NEAR,0.8438818565400844,buy,11850.0,Bollinger Band Upper
03/08 04:47:23,KRW-NEAR,1.42276252,sell,11840.0,Sell-4: 11908<12038and11840.0<11908
03/08 04:47:29,KRW-CVC,32.57328990228013,buy,307.0,Bollinger Band Upper
03/08 04:47:42,KRW-CVC,54.59326493,sell,308.0,Sell-4: 310<312and308.0<310
03/08 04:47:52,KRW-NEAR,0.8467400508044031,buy,11810.0,Bollinger Band Upper
03/08 04:48:04,KRW-NEAR,1.41655683,sell,11820.0,Sell-4: 11904<12038and11820.0<11904
03/08 04:48:10,KRW-CVC,32.57328990228013,buy,307.0,Bollinger Band Upper
03/08 04:48:23,KRW-CVC,54.26283831,sell,309.0,Sell-4: 310<312and309.0<310
03/08 04:48:34,KRW-NEAR,0.8460236886632826,buy,11820.0,Bollinger Band Upper
03/08 04:48:46,KRW-NEAR,1.40560474,sell,11850.0,Sell-4: 11910<12039and11860.0<11910
03/08 04:48:52,KRW-CVC,32.57328990228013,buy,307.0,Bollinger Band Upper
03/08 04:49:05,KRW-CVC,53.80518155,sell,309.0,Sell-4: 310<312and309.0<310
03/08 04:49:16,KRW-NEAR,0.8438818565400844,buy,11850.0,Bollinger Band Upper
03/08 04:49:28,KRW-NEAR,1.39259406,sell,11830.0,Sell-4: 11906<12038and11840.0<11906
03/08 04:49:34,KRW-CVC,32.467532467532465,buy,307.0,Bollinger Band Upper
03/08 04:49:47,KRW-CVC,53.26253118,sell,309.0,Sell-4: 310<312and309.0<310
03/08 04:49:57,KRW-NEAR,0.8445945945945946,buy,11840.0,Bollinger Band Upper
03/08 04:50:09,KRW-NEAR,1.37854909,sell,11850.0,Sell-4: 11874<12028and11850.0<11874
03/08 04:50:15,KRW-CVC,32.57328990228013,buy,307.0,Bollinger Band Upper
03/08 04:50:28,KRW-CVC,52.76971844,sell,309.0,Sell-4: 309<312and309.0<309
03/08 04:50:39,KRW-NEAR,0.8460236886632826,buy,11820.0,Bollinger Band Upper
03/08 04:50:51,KRW-NEAR,1.36810307,sell,11810.0,Sell-4: 11866<12026and11830.0<11866
03/08 04:50:57,KRW-CVC,32.57328990228013,buy,307.0,Bollinger Band Upper
03/08 04:51:10,KRW-CVC,52.23735954,sell,307.0,Sell-4: 308<312and309.0<308
03/08 04:51:20,KRW-NEAR,0.8481764206955047,buy,11790.0,Bollinger Band Upper
03/08 04:51:32,KRW-NEAR,1.35889593,sell,11760.0,Sell-4: 11858<12024and11780.0<11858
03/08 04:51:38,KRW-CVC,32.57328990228013,buy,307.0,Bollinger Band Upper
03/08 04:51:51,KRW-CVC,51.87796525,sell,308.0,Sell-4: 309<312and308.0<309
03/08 04:52:01,KRW-NEAR,0.8503401360544217,buy,11760.0,Bollinger Band Upper
03/08 04:52:13,KRW-NEAR,1.35296955,sell,11750.0,Sell-4: 11854<12024and11750.0<11854
03/08 04:52:19,KRW-CVC,32.57328990228013,buy,307.0,Bollinger Band Upper
03/08 04:52:32,KRW-CVC,51.47637889,sell,308.0,Sell-4: 309<312and308.0<309
03/08 04:52:42,KRW-NEAR,0.8503401360544217,buy,11760.0,Bollinger Band Upper
03/08 04:52:55,KRW-NEAR,1.34249624,sell,11760.0,Sell-4: 11854<12024and11770.0<11854
03/08 04:53:01,KRW-CVC,32.57328990228013,buy,307.0,Bollinger Band Upper
03/08 04:53:18,KRW-CVC,51.16459707,sell,308.0,Sell-4: 309<312and308.0<309
03/08 04:53:28,KRW-NEAR,0.8488964346349746,buy,11780.0,Bollinger Band Upper
03/08 04:53:41,KRW-NEAR,1.33096968,sell,11770.0,Sell-4: 11858<12024and11780.0<11858
03/08 04:53:47,KRW-CVC,32.57328990228013,buy,307.0,Bollinger Band Upper
03/08 04:54:00,KRW-CVC,50.81183733,sell,308.0,Sell-4: 309<312and308.0<309
03/08 04:54:10,KRW-NEAR,0.851063829787234,buy,11750.0,Bollinger Band Upper
03/08 04:54:22,KRW-NEAR,1.32291524,sell,11740.0,Sell-4: 11852<12023and11770.0<11852
03/08 04:54:28,KRW-CVC,32.57328990228013,buy,307.0,Bollinger Band Upper
03/08 04:54:40,KRW-CVC,50.46143733,sell,308.0,Sell-4: 309<312and308.0<309
03/08 04:54:50,KRW-NEAR,0.8503401360544217,buy,11760.0,Bollinger Band Upper
03/08 04:55:02,KRW-NEAR,1.31714674,sell,11770.0,Sell-4: 11818<12008and11760.0<11818
03/08 04:55:08,KRW-CVC,32.57328990228013,buy,307.0,Bollinger Band Upper
03/08 04:55:22,KRW-CVC,50.28335487,sell,308.0,Sell-4: 308<312and308.0<308
03/08 04:55:30,KRW-POLY,20.964360587002098,buy,477.0,Bollinger Band Upper
03/08 04:55:42,KRW-POLY,32.26329832,sell,478.0,Sell-4: 478<481and478.0<478
03/08 04:55:44,KRW-NEAR,0.8496176720475785,buy,11770.0,Bollinger Band Upper
03/08 04:55:57,KRW-NEAR,1.30512953,sell,11770.0,Sell-4: 11820<12008and11780.0<11820
03/08 04:56:02,KRW-CVC,32.467532467532465,buy,308.0,Bollinger Band Upper
03/08 04:56:15,KRW-CVC,49.82515844,sell,308.0,Sell-4: 308<312and308.0<308
03/08 04:56:24,KRW-POLY,21.008403361344538,buy,476.0,Bollinger Band Upper
03/08 04:56:36,KRW-POLY,32.10363046,sell,476.0,Sell-4: 478<481and476.0<478
03/08 04:56:38,KRW-NEAR,0.847457627118644,buy,11800.0,Bollinger Band Upper
03/08 04:56:51,KRW-NEAR,1.28994039,sell,11810.0,Sell-4: 11828<12010and11810.0<11828
03/08 04:57:04,KRW-POLY,21.05263157894737,buy,475.0,Bollinger Band Upper
03/08 04:57:18,KRW-POLY,31.87884612,sell,477.0,Sell-4: 478<481and477.0<478
03/08 04:57:21,KRW-NEAR,0.847457627118644,buy,11800.0,Bollinger Band Upper
03/08 04:57:33,KRW-NEAR,1.28092059,sell,11780.0,Sell-4: 11822<12008and11780.0<11822
03/08 04:57:39,KRW-CVC,32.467532467532465,buy,308.0,Bollinger Band Upper
03/08 04:57:52,KRW-CVC,48.90150974,sell,308.0,Sell-4: 308<312and309.0<308
03/08 04:57:59,KRW-POLY,20.964360587002098,buy,477.0,Bollinger Band Upper
03/08 04:58:12,KRW-POLY,31.44244444,sell,477.0,Sell-4: 478<481and477.0<478
03/08 04:58:15,KRW-NEAR,0.8525149190110827,buy,11730.0,Bollinger Band Upper
03/08 04:58:27,KRW-NEAR,1.27358205,sell,11780.0,Sell-4: 11822<12008and11790.0<11822
03/08 04:58:34,KRW-CVC,32.467532467532465,buy,308.0,Bollinger Band Upper
03/08 04:58:46,KRW-CVC,48.6611672,sell,308.0,Sell-4: 308<312and308.0<308
03/08 04:58:55,KRW-POLY,21.008403361344538,buy,476.0,Bollinger Band Upper
03/08 04:59:07,KRW-POLY,31.35364096,sell,476.0,Sell-4: 478<481and476.0<478
03/08 04:59:11,KRW-NEAR,0.8453085376162299,buy,11830.0,Bollinger Band Upper
03/08 04:59:23,KRW-NEAR,1.25661335,sell,11830.0,Sell-4: 11832<12011and11840.0<11832
03/08 04:59:38,KRW-POLY,21.008403361344538,buy,476.0,Bollinger Band Upper
03/08 04:59:50,KRW-POLY,31.19958235,sell,477.0,Sell-4: 478<481and477.0<478
03/08 04:59:53,KRW-NEAR,0.8481764206955047,buy,11790.0,Bollinger Band Upper
03/08 05:00:06,KRW-NEAR,1.25837357,sell,11800.0,Sell-4: 11808<11996and11810.0<11808
03/08 05:00:23,KRW-NEAR,0.8488964346349746,buy,11780.0,Bollinger Band Upper
03/08 05:00:37,KRW-NEAR,1.25711668,sell,11810.0,Sell-4: 11810<11996and11810.0<11810
03/08 05:02:09,KRW-NEAR,0.8488964346349746,buy,11780.0,Bollinger Band Upper
03/08 05:02:23,KRW-NEAR,1.25799145,sell,11770.0,Sell-4: 11802<11994and11770.0<11802
03/08 05:02:29,KRW-CVC,32.57328990228013,buy,307.0,Bollinger Band Upper
03/08 05:02:43,KRW-CVC,47.9445409,sell,307.0,Sell-4: 308<311and308.0<308
03/08 05:02:54,KRW-NEAR,0.8503401360544217,buy,11760.0,Bollinger Band Upper
03/08 05:03:06,KRW-NEAR,1.25038643,sell,11730.0,Sell-4: 11794<11992and11750.0<11794
03/08 05:03:12,KRW-CVC,32.57328990228013,buy,307.0,Bollinger Band Upper
03/08 05:03:29,KRW-CVC,47.57340292,sell,307.0,Sell-4: 308<311and308.0<308
03/08 05:03:40,KRW-NEAR,0.8532423208191127,buy,11720.0,Bollinger Band Upper
03/08 05:03:52,KRW-NEAR,1.24494171,sell,11730.0,Sell-4: 11792<11992and11730.0<11792
03/08 05:03:58,KRW-CVC,32.57328990228013,buy,307.0,Bollinger Band Upper
03/08 05:04:12,KRW-CVC,47.32532207,sell,307.0,Sell-4: 308<311and308.0<308
03/08 05:04:22,KRW-NEAR,0.8554319931565441,buy,11690.0,Bollinger Band Upper
03/08 05:04:35,KRW-NEAR,1.24056672,sell,11700.0,Sell-4: 11786<11990and11700.0<11786
03/08 05:04:40,KRW-CVC,32.57328990228013,buy,307.0,Bollinger Band Upper
03/08 05:04:53,KRW-CVC,46.9984211,sell,308.0,Sell-4: 308<311and308.0<308
03/08 05:05:03,KRW-NEAR,0.8532423208191127,buy,11720.0,Bollinger Band Upper
03/08 05:05:16,KRW-NEAR,1.22884658,sell,11740.0,Sell-4: 11766<11977and11740.0<11766
03/08 05:05:22,KRW-CVC,32.57328990228013,buy,307.0,Bollinger Band Upper
03/08 05:05:35,KRW-CVC,46.71366006,sell,308.0,Sell-4: 307<311and308.0<307
03/08 05:05:46,KRW-NEAR,0.8532423208191127,buy,11720.0,Bollinger Band Upper
03/08 05:05:59,KRW-NEAR,1.22244322,sell,11720.0,Sell-4: 11766<11977and11720.0<11766
03/08 05:06:05,KRW-CVC,32.57328990228013,buy,307.0,Bollinger Band Upper
03/08 05:06:18,KRW-CVC,46.4305909,sell,308.0,Sell-4: 307<311and308.0<307
03/08 05:06:28,KRW-NEAR,0.8525149190110827,buy,11730.0,Bollinger Band Upper
03/08 05:06:41,KRW-NEAR,1.21278446,sell,11720.0,Sell-4: 11766<11977and11740.0<11766
03/08 05:06:47,KRW-CVC,32.57328990228013,buy,307.0,Bollinger Band Upper
03/08 05:07:00,KRW-CVC,46.10327922,sell,308.0,Sell-4: 307<311and308.0<307
03/08 05:07:10,KRW-NEAR,0.851063829787234,buy,11750.0,Bollinger Band Upper
03/08 05:07:22,KRW-NEAR,1.20219468,sell,11750.0,Sell-4: 11772<11978and11750.0<11772
03/08 05:07:27,KRW-CVC,32.57328990228013,buy,307.0,Bollinger Band Upper
03/08 05:07:40,KRW-CVC,45.73988246,sell,308.0,Sell-4: 307<311and308.0<307
03/08 05:07:51,KRW-NEAR,0.8503401360544217,buy,11760.0,Bollinger Band Upper
03/08 05:08:03,KRW-NEAR,1.190864,sell,11740.0,Sell-4: 11770<11978and11750.0<11770
03/08 05:08:18,KRW-NEAR,0.851063829787234,buy,11750.0,Bollinger Band Upper
03/08 05:08:31,KRW-NEAR,1.18767406,sell,11740.0,Sell-4: 11770<11978and11750.0<11770
03/08 05:08:37,KRW-CVC,32.57328990228013,buy,307.0,Bollinger Band Upper
03/08 05:08:50,KRW-CVC,45.22573668,sell,308.0,Sell-4: 307<311and308.0<307
03/08 05:09:01,KRW-NEAR,0.8517887563884157,buy,11740.0,Bollinger Band Upper
03/08 05:09:13,KRW-NEAR,1.17948043,sell,11760.0,Sell-4: 11774<11979and11760.0<11774
03/08 05:09:19,KRW-CVC,32.57328990228013,buy,307.0,Bollinger Band Upper
03/08 05:09:32,KRW-CVC,44.98989805,sell,308.0,Sell-4: 307<311and308.0<307
03/08 05:09:43,KRW-NEAR,0.8496176720475785,buy,11770.0,Bollinger Band Upper
03/08 05:09:55,KRW-NEAR,1.17133772,sell,11780.0,Sell-4: 11778<11980and11780.0<11778
03/08 05:10:01,KRW-CVC,32.57328990228013,buy,307.0,Bollinger Band Upper
03/08 05:10:14,KRW-CVC,44.71746785,sell,308.0,Sell-4: 307<311and308.0<307
03/08 05:10:24,KRW-NEAR,0.8488964346349746,buy,11780.0,Bollinger Band Upper
03/08 05:10:36,KRW-NEAR,1.16325736,sell,11780.0,Sell-4: 11764<11967and11780.0<11764
03/08 05:10:42,KRW-CVC,32.57328990228013,buy,307.0,Bollinger Band Upper
03/08 05:10:55,KRW-CVC,44.40915876,sell,307.0,Sell-4: 307<311and308.0<307
03/08 05:11:05,KRW-NEAR,0.8503401360544217,buy,11760.0,Bollinger Band Upper
03/08 05:11:18,KRW-NEAR,1.1581842,sell,11760.0,Sell-4: 11760<11966and11760.0<11760
03/08 05:11:24,KRW-CVC,32.57328990228013,buy,307.0,Bollinger Band Upper
03/08 05:11:37,KRW-CVC,44.14018149,sell,308.0,Sell-4: 307<311and308.0<307
03/08 05:11:47,KRW-NEAR,0.8496176720475785,buy,11770.0,Bollinger Band Upper
03/08 05:11:59,KRW-NEAR,1.15019126,sell,11770.0,Sell-4: 11762<11966and11780.0<11762
03/08 05:12:05,KRW-CVC,32.57328990228013,buy,307.0,Bollinger Band Upper
03/08 05:12:18,KRW-CVC,43.91000357,sell,308.0,Sell-4: 307<311and308.0<307
03/08 05:12:27,KRW-NEAR,0.8496176720475785,buy,11770.0,Bollinger Band Upper
03/08 05:12:40,KRW-NEAR,1.14419335,sell,11770.0,Sell-4: 11762<11966and11780.0<11762
03/08 05:12:46,KRW-CVC,32.57328990228013,buy,307.0,Bollinger Band Upper
03/08 05:12:59,KRW-CVC,43.68102597,sell,308.0,Sell-4: 307<311and308.0<307
03/08 05:13:09,KRW-NEAR,0.8496176720475785,buy,11770.0,Bollinger Band Upper
03/08 05:13:22,KRW-NEAR,1.13822672,sell,11760.0,Sell-4: 11760<11966and11770.0<11760
03/08 05:13:28,KRW-CVC,32.57328990228013,buy,307.0,Bollinger Band Upper
03/08 05:13:47,KRW-CVC,43.41649025,sell,308.0,Sell-4: 307<311and308.0<307
03/08 05:13:57,KRW-NEAR,0.851063829787234,buy,11750.0,Bollinger Band Upper
03/08 05:14:09,KRW-NEAR,1.13037315,sell,11790.0,Sell-4: 11766<11968and11790.0<11766
03/08 05:15:47,KRW-AERGO,40.48582995951417,buy,247.0,Buy-2: KRW-AERGO / 243 > 242 and 59.9 <= 60 
03/08 06:55:04,KRW-AERGO,53.85646396,sell,277.0,Sell-4: 277<278and278.0<277
03/08 06:55:17,KRW-WAVES,0.36968576709796674,buy,27050.0,Buy-2: KRW-WAVES / 26848 > 26671 and 67.2 <= 60 
