Date,Coin,Qty,Side,Price,Note
03/05 23:30:08,KRW-NEAR,0.7757951900698216,buy,12890.0,Buy-4: coin in overSold
03/07 11:04:54,KRW-NEAR,1.60398842,sell,12360.0,Sell-3: 12370.0<12605.0and12360.0<12370.0
03/07 11:05:01,KRW-WAVES,0.43859649122807015,buy,22800.0,Buy-2: KRW-WAVES / 22810.0 > 22650.0 and 22650.0 > 22377.0
03/07 16:00:09,KRW-WAVES,0.86775303,sell,22900.0,Sell-3: 23116.0<23206.0and22920.0<23116.0
03/07 21:16:17,KRW-WAVES,0.4206983592763988,buy,23770.0,Buy-2: KRW-WAVES / 23770.0 > 23000.0 and 23000.0 > 22996.0
03/07 21:30:52,KRW-WAVES,0.417573005,sell,24210.0,Sell-1: 70.6 >= 70 and0.83514601 / 2 > 5000 / 24230.0
03/07 21:31:06,KRW-WAVES,0.4120313143798929,buy,24270.0,Buy-2: KRW-WAVES / 24270.0 > 23374.0 and 23374.0 > 23130.0
03/07 21:31:07,KRW-WAVES,0.208786505,sell,24240.0,Sell-1: 70.8 >= 70 and0.41757301 / 2 > 5000 / 24270.0
03/07 21:31:23,KRW-WAVES,0.4103405826836274,buy,24370.0,Buy-2: KRW-WAVES / 24360.0 > 23396.0 and 23396.0 > 23142.0
03/07 21:31:24,KRW-WAVES,0.31344615,sell,24400.0,Sell-1: 71.7 >= 70 and0.6268923 / 2 > 5000 / 24370.0
03/07 21:31:39,KRW-WAVES,0.4045307443365696,buy,24720.0,Buy-2: KRW-WAVES / 24670.0 > 23466.0 and 23466.0 > 23174.0
03/07 21:31:39,KRW-WAVES,0.260712475,sell,24720.0,Sell-1: 74.1 >= 70 and0.52142495 / 2 > 5000 / 24720.0
03/07 21:31:54,KRW-WAVES,0.4032258064516129,buy,24790.0,Buy-2: KRW-WAVES / 24750.0 > 23478.0 and 23478.0 > 23186.0
03/07 21:31:54,KRW-WAVES,0.284725115,sell,24800.0,Sell-1: 75.0 >= 70 and0.56945023 / 2 > 5000 / 24800.0
03/07 21:32:09,KRW-WAVES,0.40338846308995563,buy,24790.0,Buy-2: KRW-WAVES / 24780.0 > 23478.0 and 23478.0 > 23184.0
03/07 21:32:10,KRW-WAVES,0.271911005,sell,24770.0,Sell-1: 74.9 >= 70 and0.54382201 / 2 > 5000 / 24770.0
03/07 21:32:24,KRW-WAVES,0.4046944556859571,buy,24720.0,Buy-2: KRW-WAVES / 24720.0 > 23466.0 and 23466.0 > 23176.0
03/07 21:32:25,KRW-WAVES,0.27852007,sell,24720.0,Sell-1: 74.5 >= 70 and0.55704014 / 2 > 5000 / 24720.0
03/07 21:32:40,KRW-WAVES,0.4048582995951417,buy,24700.0,Buy-2: KRW-WAVES / 24750.0 > 23470.0 and 23470.0 > 23179.0
03/07 21:32:41,KRW-WAVES,0.27532966,sell,24760.0,Sell-1: 74.9 >= 70 and0.55065932 / 2 > 5000 / 24760.0
03/07 21:32:55,KRW-WAVES,0.4030632809351068,buy,24780.0,Buy-2: KRW-WAVES / 24790.0 > 23482.0 and 23482.0 > 23187.0
03/07 21:32:56,KRW-WAVES,0.276995855,sell,24820.0,Sell-1: 75.0 >= 70 and0.55399171 / 2 > 5000 / 24810.0
03/07 21:33:11,KRW-WAVES,0.4051863857374392,buy,24680.0,Buy-2: KRW-WAVES / 24690.0 > 23458.0 and 23458.0 > 23173.0
03/07 21:33:12,KRW-WAVES,0.275589905,sell,24670.0,Sell-1: 74.3 >= 70 and0.55117981 / 2 > 5000 / 24680.0
03/07 21:33:27,KRW-WAVES,0.40535062829347385,buy,24670.0,Buy-2: KRW-WAVES / 24690.0 > 23452.0 and 23452.0 > 23170.0
03/07 21:33:28,KRW-WAVES,0.276876925,sell,24650.0,Sell-1: 74.3 >= 70 and0.55375385 / 2 > 5000 / 24650.0
03/07 21:33:42,KRW-WAVES,0.40535062829347385,buy,24670.0,Buy-2: KRW-WAVES / 24680.0 > 23458.0 and 23458.0 > 23173.0
03/07 21:33:43,KRW-WAVES,0.276047085,sell,24670.0,Sell-1: 74.2 >= 70 and0.55209417 / 2 > 5000 / 24670.0
03/07 21:33:57,KRW-WAVES,0.4024144869215292,buy,24850.0,Buy-2: KRW-WAVES / 24860.0 > 23488.0 and 23488.0 > 23191.0
03/07 21:33:58,KRW-WAVES,0.27615317,sell,24850.0,Sell-1: 75.4 >= 70 and0.55230634 / 2 > 5000 / 24850.0
03/07 21:34:12,KRW-WAVES,0.3988831272437176,buy,25070.0,Buy-2: KRW-WAVES / 25050.0 > 23534.0 and 23534.0 > 23206.0
03/07 21:34:13,KRW-WAVES,0.27496459,sell,25020.0,Sell-1: 76.7 >= 70 and0.54992918 / 2 > 5000 / 25070.0
03/07 21:34:27,KRW-WAVES,0.4001600640256102,buy,24990.0,Buy-2: KRW-WAVES / 25000.0 > 23514.0 and 23514.0 > 23200.0
03/07 21:34:28,KRW-WAVES,0.27425981,sell,25000.0,Sell-1: 76.3 >= 70 and0.54851962 / 2 > 5000 / 25000.0
03/07 21:34:43,KRW-WAVES,0.4025764895330113,buy,24840.0,Buy-2: KRW-WAVES / 24850.0 > 23486.0 and 23486.0 > 23189.0
03/07 21:34:44,KRW-WAVES,0.27494977,sell,24840.0,Sell-1: 75.4 >= 70 and0.54989954 / 2 > 5000 / 24840.0
03/07 21:34:58,KRW-WAVES,0.40338846308995563,buy,24790.0,Buy-2: KRW-WAVES / 24810.0 > 23484.0 and 23484.0 > 23185.0
03/07 21:34:59,KRW-WAVES,0.27441917,sell,24810.0,Sell-1: 75.0 >= 70 and0.54883834 / 2 > 5000 / 24790.0
03/07 21:35:17,KRW-WAVES,0.4035512510088781,buy,24780.0,Buy-2: KRW-WAVES / 24800.0 > 23492.0 and 23492.0 > 23190.0
03/07 21:35:18,KRW-WAVES,0.274546535,sell,24780.0,Sell-1: 75.0 >= 70 and0.54909307 / 2 > 5000 / 24780.0
03/07 21:35:33,KRW-WAVES,0.4037141703673799,buy,24810.0,Buy-2: KRW-WAVES / 24800.0 > 23476.0 and 23476.0 > 23182.0
03/07 21:35:34,KRW-WAVES,0.274016325,sell,24760.0,Sell-1: 75.2 >= 70 and0.54803265 / 2 > 5000 / 24760.0
03/07 21:35:48,KRW-WAVES,0.4042037186742118,buy,24730.0,Buy-2: KRW-WAVES / 24770.0 > 23468.0 and 23468.0 > 23178.0
03/07 21:35:49,KRW-WAVES,0.274310035,sell,24720.0,Sell-1: 74.7 >= 70 and0.54862007 / 2 > 5000 / 24770.0
03/07 21:36:03,KRW-WAVES,0.4060089321965083,buy,24630.0,Buy-2: KRW-WAVES / 24640.0 > 23448.0 and 23448.0 > 23167.0
03/07 21:36:04,KRW-WAVES,0.2739734,sell,24630.0,Sell-1: 73.8 >= 70 and0.5479468 / 2 > 5000 / 24620.0
03/07 21:36:18,KRW-WAVES,0.4056795131845842,buy,24650.0,Buy-2: KRW-WAVES / 24690.0 > 23458.0 and 23458.0 > 23174.0
03/07 21:36:19,KRW-WAVES,0.2745054,sell,24650.0,Sell-1: 74.3 >= 70 and0.5490108 / 2 > 5000 / 24650.0
03/07 21:36:34,KRW-WAVES,0.40551500405515006,buy,24660.0,Buy-2: KRW-WAVES / 24660.0 > 23454.0 and 23454.0 > 23171.0
03/07 21:36:34,KRW-WAVES,0.273717745,sell,24660.0,Sell-1: 74.1 >= 70 and0.54743549 / 2 > 5000 / 24660.0
03/07 21:36:49,KRW-WAVES,0.4048582995951417,buy,24700.0,Buy-2: KRW-WAVES / 24710.0 > 23462.0 and 23462.0 > 23175.0
03/07 21:36:50,KRW-WAVES,0.274138265,sell,24690.0,Sell-1: 74.5 >= 70 and0.54827653 / 2 > 5000 / 24700.0
03/07 21:37:04,KRW-WAVES,0.40683482506102525,buy,24580.0,Buy-2: KRW-WAVES / 24580.0 > 23444.0 and 23444.0 > 23166.0
03/07 21:37:05,KRW-WAVES,0.273461985,sell,24610.0,Sell-1: 73.5 >= 70 and0.54692397 / 2 > 5000 / 24610.0
03/07 21:37:19,KRW-WAVES,0.40584415584415584,buy,24640.0,Buy-2: KRW-WAVES / 24640.0 > 23448.0 and 23448.0 > 23168.0
03/07 21:37:20,KRW-WAVES,0.273995535,sell,24640.0,Sell-1: 74.0 >= 70 and0.54799107 / 2 > 5000 / 24640.0
03/07 21:37:35,KRW-WAVES,0.4065040650406504,buy,24610.0,Buy-2: KRW-WAVES / 24610.0 > 23442.0 and 23442.0 > 23165.0
03/07 21:37:35,KRW-WAVES,0.273373935,sell,24600.0,Sell-1: 73.7 >= 70 and0.54674787 / 2 > 5000 / 24610.0
03/07 21:37:50,KRW-WAVES,0.407000407000407,buy,24570.0,Buy-2: KRW-WAVES / 24570.0 > 23434.0 and 23434.0 > 23161.0
03/07 21:37:51,KRW-WAVES,0.27349029,sell,24560.0,Sell-1: 73.3 >= 70 and0.54698058 / 2 > 5000 / 24560.0
03/07 21:38:05,KRW-WAVES,0.40535062829347385,buy,24670.0,Buy-2: KRW-WAVES / 24680.0 > 23458.0 and 23458.0 > 23173.0
